% Encoding: UTF-8
@Inbook{Jacob2008,
author="Jacob, Olaf",
editor="Jacob, Olaf",
title="ERP Value",
bookTitle="ERP Value: Signifikante Vorteile mit ERP-Systemen",
year="2008",
publisher="Springer Berlin Heidelberg",
address="Berlin, Heidelberg",
pages="1--22",
abstract="Als ERP-Systeme werden integrierte betriebswirtschaftliche Softwarel{\"o}sungen bezeichnet, die sich insb. durch folgende Merkmale auszeichnen (vgl. Abb. 1): ",
isbn="978-3-540-74440-5",
doi="10.1007/978-3-540-74440-5_1",
url="https://doi.org/10.1007/978-3-540-74440-5_1"
}

@Online{PolizeiBremen,
  note = {Abgerufen am: 23.12.2018},
  url  = {https://www.polizei.bremen.de/},
}

@Comment{jabref-meta: databaseType:bibtex;}
